@misc{Todd13, 
AUTHOR = "J. A. Todd and G. Lindsey", 
TITLE = "Planning and Conducting Integrated Design (ID) Charrettes", 
month = "April",
year = "2013",
day = "09",
url = "https://www.wbdg.org/resources/charrettes.php",
note = "[Online; accessed 4-May-2016]"}

@misc{GOAL16, 
title={GOAL 2.0}, 
url={http://ii.tudelft.nl/trac/goal/wiki/wikistart}, 
journal={GOAL}, 
author={Hindriks, Koen}, 
year={2016}, 
month={Jun}}

@article{CTD16,
title= "Virtual Humans for Serious Gaming: Architecture Design",
author = "J. de Vries and H. Kroon and T. Brunner and N. Kartoredjo",
month = "June",
year = "2016",
address = "Delft"}