@misc{Todd13, 
AUTHOR = "J. A. Todd and G. Lindsey", 
TITLE = "Planning and Conducting Integrated Design (ID) Charrettes", 
month = "April",
year = "2013",
day = "09",
url = "https://www.wbdg.org/resources/charrettes.php",
note = "[Online; accessed 4-May-2016]"}

@misc{GIS06,
Author = "ESRI",
TITLE = "GIS Solutions for Urban and Regional Planning",
year = "2006"
}

@article{Poplin11,
Author = "A. Poplin",
TITLE = "Games and Serious Games in Urban Planning: Study Cases",
Journal = "Computational Science and Its Applications - ICCSA 2011",
year = "2011",
pages = "1--14"
}

@article{Rising00,
Author = "L. Rising and N. S. Janoff",
Title = "The Scrum software development process for small teams",
Journal = "IEEE Software",
volume = "17",
issue = "4",
pages = "26--32",
year = "2000"
}

@article{Steve07,
Author = "D. Stevens and S. Dragicevic and K. Rothley",
Title = "iCity: A GIS-CA modelling tool for urban planning and decision making",
Journal = "Environmental Modelling & Software",
volume = "22",
issue = "6",
month = "June",
year = "2007",
pages = "761--773"
}

@article{Swart10,
Author = "W. Swartout",
Title = "Lessons Learned from Virtual Humans",
Journal = "Association for the Advancement of Artificial Intelligence",
volume = "34",
issue = "4",
year = "2010",
pages = "13--30"
}

@InProceedings { Warm06,
 author       = "Warmerdam, Jeroen and Knepfl, Maxim and Bidarra, Rafael and Bekebrede, Geertje and Mayer, Igor",
 title        = "Simport: a multiplayer management game framework",
 booktitle    = "Proceedings of 9th International Conference on Computer Games - CGAMES'06",
 month        = "nov",
 year         = "2006",
 address      = "Dublin, Ireland",
 url          = "http://graphics.tudelft.nl/Publications-new/2006/WKBBM06a"
}

@misc{Tygron,
author = "Tygron",
title = "Tygron Engine",
url = "http://www.tygron.com/tygron-engine/",
year = "2015",
note = "[Online; accessed 4-May-2016]"
}
